@article{papert1999logo,
  title={Logo philosophy and implementation},
  author={Papert, Seymour and others},
  journal={LCSI, Canada},
  year={1999}
}
@book{goldberg1983smalltalk,
  title={Smalltalk-80: the language and its implementation},
  author={Goldberg, Adele and Robson, David},
  year={1983},
  publisher={Addison-Wesley Longman Publishing Co., Inc.}
}
@inproceedings{Kay:2011:PCC:800193.1971922,
abstract = {This note speculates about the emergence of personal, portable information manipulators and their effects .when used by both children and adults. Although it should be read as science fiction, current trends in miniaturization and price reduction almost guarantee that many of the notions discussed will actually happen in the near future.},
address = {New York, NY, USA},
author = {Kay, Alan C},
booktitle = {Proceedings of the ACM national conference},
doi = {10.1145/800193.1971922},
issn = {18736009},
pages = {1},
pmid = {20926156},
publisher = {ACM},
series = {ACM '72},
title = {{A Personal Computer for Children of All Ages}},
url = {http://bitsavers.org/pdf/xerox/smalltalk/Kay\_\_A\_Personal\_Computer\_For\_Children\_Of\_All\_Ages\_Aug72.pdf},
year = {1972}
}
@article{victor2012learnable,
abstract = {Programming is a way of thinking, not a rote skill. Learning about "for" loops is not learning to program, any more than learning about pencils is learning to draw.$\backslash$n    People understand what they can see. If a programmer cannot see what a program is doing, she can't understand it.$\backslash$n$\backslash$nThus, the goals of a programming system should be:$\backslash$n$\backslash$n    to support and encourage powerful ways of thinking$\backslash$n    to enable programmers to see and understand the execution of their programs},
author = {Victor, Bret},
journal = {Worrydream. com},
title = {{Learnable Programming}},
url = {http://worrydream.com/LearnableProgramming/},
year = {2012}
}